{
    "symbol": {
        "symbol": "AAPL",
        "name": "Apple Inc.",
        "price": 171.21,
        "exchange": "NASDAQ Global Select",
        "exchangeShortName": "NASDAQ",
        "type": "stock"
    },
    "data": {
        "financial_statements": {
            "quarter": [
                {
                    "date": "2023-07-01",
                    "symbol": "AAPL",
                    "reportedCurrency": "USD",
                    "cik": "0000320193",
                    "fillingDate": "2023-08-04",
                    "acceptedDate": "2023-08-03 18:04:43",
                    "calendarYear": "2023",
                    "period": "Q3",
                    "revenue": 81797000000,
                    "costOfRevenue": 45384000000,
                    "grossProfit": 36413000000,
                    "grossProfitRatio": 0.4451630255,
                    "researchAndDevelopmentExpenses": 7442000000,
                    "generalAndAdministrativeExpenses": 0,
                    "sellingAndMarketingExpenses": 0,
                    "sellingGeneralAndAdministrativeExpenses": 5973000000,
                    "otherExpenses": -265000000,
                    "operatingExpenses": 13415000000,
                    "costAndExpenses": 58799000000,
                    "interestIncome": 980000000,
                    "interestExpense": 998000000,
                    "depreciationAndAmortization": 3052000000,
                    "ebitda": 22998000000,
                    "ebitdaratio": 0.2811594557,
                    "operatingIncome": 22998000000,
                    "operatingIncomeRatio": 0.2811594557,
                    "totalOtherIncomeExpensesNet": -265000000,
                    "incomeBeforeTax": 22733000000,
                    "incomeBeforeTaxRatio": 0.2779197281,
                    "incomeTaxExpense": 2852000000,
                    "netIncome": 19881000000,
                    "netIncomeRatio": 0.2430529237,
                    "eps": 1.27,
                    "epsdiluted": 1.26,
                    "weightedAverageShsOut": 15697614000,
                    "weightedAverageShsOutDil": 15775021000,
                    "link": "https://www.sec.gov/Archives/edgar/data/320193/000032019323000077/0000320193-23-000077-index.htm",
                    "finalLink": "https://www.sec.gov/Archives/edgar/data/320193/000032019323000077/aapl-20230701.htm"
                },
                {
                    "date": "2023-04-01",
                    "symbol": "AAPL",
                    "reportedCurrency": "USD",
                    "cik": "0000320193",
                    "fillingDate": "2023-05-05",
                    "acceptedDate": "2023-05-04 18:03:52",
                    "calendarYear": "2023",
                    "period": "Q2",
                    "revenue": 94836000000,
                    "costOfRevenue": 52860000000,
                    "grossProfit": 41976000000,
                    "grossProfitRatio": 0.4426167278,
                    "researchAndDevelopmentExpenses": 7457000000,
                    "generalAndAdministrativeExpenses": 0,
                    "sellingAndMarketingExpenses": 0,
                    "sellingGeneralAndAdministrativeExpenses": 6201000000,
                    "otherExpenses": 64000000,
                    "operatingExpenses": 13658000000,
                    "costAndExpenses": 66518000000,
                    "interestIncome": 918000000,
                    "interestExpense": 930000000,
                    "depreciationAndAmortization": 2898000000,
                    "ebitda": 31216000000,
                    "ebitdaratio": 0.3291577038,
                    "operatingIncome": 28318000000,
                    "operatingIncomeRatio": 0.2985996879,
                    "totalOtherIncomeExpensesNet": 64000000,
                    "incomeBeforeTax": 28382000000,
                    "incomeBeforeTaxRatio": 0.2992745371,
                    "incomeTaxExpense": 4222000000,
                    "netIncome": 24160000000,
                    "netIncomeRatio": 0.2547555781,
                    "eps": 1.53,
                    "epsdiluted": 1.52,
                    "weightedAverageShsOut": 15787154000,
                    "weightedAverageShsOutDil": 15847050000,
                    "link": "https://www.sec.gov/Archives/edgar/data/320193/000032019323000064/0000320193-23-000064-index.htm",
                    "finalLink": "https://www.sec.gov/Archives/edgar/data/320193/000032019323000064/aapl-20230401.htm"
                },
                {
                    "date": "2022-12-31",
                    "symbol": "AAPL",
                    "reportedCurrency": "USD",
                    "cik": "0000320193",
                    "fillingDate": "2023-02-03",
                    "acceptedDate": "2023-02-02 18:01:30",
                    "calendarYear": "2023",
                    "period": "Q1",
                    "revenue": 117154000000,
                    "costOfRevenue": 66822000000,
                    "grossProfit": 50332000000,
                    "grossProfitRatio": 0.4296225481,
                    "researchAndDevelopmentExpenses": 7709000000,
                    "generalAndAdministrativeExpenses": 0,
                    "sellingAndMarketingExpenses": 0,
                    "sellingGeneralAndAdministrativeExpenses": 6607000000,
                    "otherExpenses": -393000000,
                    "operatingExpenses": 14316000000,
                    "costAndExpenses": 81138000000,
                    "interestIncome": 868000000,
                    "interestExpense": 1003000000,
                    "depreciationAndAmortization": 2916000000,
                    "ebitda": 38932000000,
                    "ebitdaratio": 0.332314731,
                    "operatingIncome": 36016000000,
                    "operatingIncomeRatio": 0.3074244157,
                    "totalOtherIncomeExpensesNet": -393000000,
                    "incomeBeforeTax": 35623000000,
                    "incomeBeforeTaxRatio": 0.3040698568,
                    "incomeTaxExpense": 5625000000,
                    "netIncome": 29998000000,
                    "netIncomeRatio": 0.2560561312,
                    "eps": 1.89,
                    "epsdiluted": 1.88,
                    "weightedAverageShsOut": 15892723000,
                    "weightedAverageShsOutDil": 15955718000,
                    "link": "https://www.sec.gov/Archives/edgar/data/320193/000032019323000006/0000320193-23-000006-index.htm",
                    "finalLink": "https://www.sec.gov/Archives/edgar/data/320193/000032019323000006/aapl-20221231.htm"
                },
                {
                    "date": "2022-09-24",
                    "symbol": "AAPL",
                    "reportedCurrency": "USD",
                    "cik": "0000320193",
                    "fillingDate": "2022-10-28",
                    "acceptedDate": "2022-10-27 18:01:14",
                    "calendarYear": "2022",
                    "period": "Q4",
                    "revenue": 90146000000,
                    "costOfRevenue": 52051000000,
                    "grossProfit": 38095000000,
                    "grossProfitRatio": 0.4225922393,
                    "researchAndDevelopmentExpenses": 6761000000,
                    "generalAndAdministrativeExpenses": 0,
                    "sellingAndMarketingExpenses": 0,
                    "sellingGeneralAndAdministrativeExpenses": 6440000000,
                    "otherExpenses": -237000000,
                    "operatingExpenses": 13201000000,
                    "costAndExpenses": 65252000000,
                    "interestIncome": 753000000,
                    "interestExpense": 827000000,
                    "depreciationAndAmortization": 2865000000,
                    "ebitda": 27759000000,
                    "ebitdaratio": 0.3079337963,
                    "operatingIncome": 24894000000,
                    "operatingIncomeRatio": 0.2761520201,
                    "totalOtherIncomeExpensesNet": -237000000,
                    "incomeBeforeTax": 24657000000,
                    "incomeBeforeTaxRatio": 0.2735229517,
                    "incomeTaxExpense": 3936000000,
                    "netIncome": 20721000000,
                    "netIncomeRatio": 0.2298604486,
                    "eps": 1.29,
                    "epsdiluted": 1.29,
                    "weightedAverageShsOut": 16030382000,
                    "weightedAverageShsOutDil": 16118465000,
                    "link": "https://www.sec.gov/Archives/edgar/data/320193/000032019322000108/0000320193-22-000108-index.htm",
                    "finalLink": "https://www.sec.gov/Archives/edgar/data/320193/000032019322000108/aapl-20220924.htm"
                },
                {
                    "date": "2022-06-25",
                    "symbol": "AAPL",
                    "reportedCurrency": "USD",
                    "cik": "0000320193",
                    "fillingDate": "2022-07-29",
                    "acceptedDate": "2022-07-28 18:06:56",
                    "calendarYear": "2022",
                    "period": "Q3",
                    "revenue": 82959000000,
                    "costOfRevenue": 47074000000,
                    "grossProfit": 35885000000,
                    "grossProfitRatio": 0.4325630733,
                    "researchAndDevelopmentExpenses": 6797000000,
                    "generalAndAdministrativeExpenses": 0,
                    "sellingAndMarketingExpenses": 0,
                    "sellingGeneralAndAdministrativeExpenses": 6012000000,
                    "otherExpenses": -10000000,
                    "operatingExpenses": 12809000000,
                    "costAndExpenses": 59883000000,
                    "interestIncome": 722000000,
                    "interestExpense": 719000000,
                    "depreciationAndAmortization": 2805000000,
                    "ebitda": 25881000000,
                    "ebitdaratio": 0.3119733844,
                    "operatingIncome": 23076000000,
                    "operatingIncomeRatio": 0.2781615015,
                    "totalOtherIncomeExpensesNet": -10000000,
                    "incomeBeforeTax": 23066000000,
                    "incomeBeforeTaxRatio": 0.27804096,
                    "incomeTaxExpense": 3624000000,
                    "netIncome": 19442000000,
                    "netIncomeRatio": 0.2343567304,
                    "eps": 1.2,
                    "epsdiluted": 1.2,
                    "weightedAverageShsOut": 16162945000,
                    "weightedAverageShsOutDil": 16262203000,
                    "link": "https://www.sec.gov/Archives/edgar/data/320193/000032019322000070/0000320193-22-000070-index.htm",
                    "finalLink": "https://www.sec.gov/Archives/edgar/data/320193/000032019322000070/aapl-20220625.htm"
                },
                {
                    "date": "2022-03-26",
                    "symbol": "AAPL",
                    "reportedCurrency": "USD",
                    "cik": "0000320193",
                    "fillingDate": "2022-04-29",
                    "acceptedDate": "2022-04-28 18:03:58",
                    "calendarYear": "2022",
                    "period": "Q2",
                    "revenue": 97278000000,
                    "costOfRevenue": 54719000000,
                    "grossProfit": 42559000000,
                    "grossProfitRatio": 0.437498715,
                    "researchAndDevelopmentExpenses": 6387000000,
                    "generalAndAdministrativeExpenses": 0,
                    "sellingAndMarketingExpenses": 0,
                    "sellingGeneralAndAdministrativeExpenses": 6193000000,
                    "otherExpenses": 160000000,
                    "operatingExpenses": 12580000000,
                    "costAndExpenses": 67299000000,
                    "interestIncome": 700000000,
                    "interestExpense": 691000000,
                    "depreciationAndAmortization": 2737000000,
                    "ebitda": 32716000000,
                    "ebitdaratio": 0.3363144801,
                    "operatingIncome": 29979000000,
                    "operatingIncomeRatio": 0.3081786221,
                    "totalOtherIncomeExpensesNet": 160000000,
                    "incomeBeforeTax": 30139000000,
                    "incomeBeforeTaxRatio": 0.3098233928,
                    "incomeTaxExpense": 5129000000,
                    "netIncome": 25010000000,
                    "netIncomeRatio": 0.2570982134,
                    "eps": 1.54,
                    "epsdiluted": 1.52,
                    "weightedAverageShsOut": 16278802000,
                    "weightedAverageShsOutDil": 16403316000,
                    "link": "https://www.sec.gov/Archives/edgar/data/320193/000032019322000059/0000320193-22-000059-index.htm",
                    "finalLink": "https://www.sec.gov/Archives/edgar/data/320193/000032019322000059/aapl-20220326.htm"
                },
                {
                    "date": "2021-12-25",
                    "symbol": "AAPL",
                    "reportedCurrency": "USD",
                    "cik": "0000320193",
                    "fillingDate": "2022-01-28",
                    "acceptedDate": "2022-01-27 18:00:58",
                    "calendarYear": "2022",
                    "period": "Q1",
                    "revenue": 123945000000,
                    "costOfRevenue": 69702000000,
                    "grossProfit": 54243000000,
                    "grossProfitRatio": 0.4376376619,
                    "researchAndDevelopmentExpenses": 6306000000,
                    "generalAndAdministrativeExpenses": 0,
                    "sellingAndMarketingExpenses": 0,
                    "sellingGeneralAndAdministrativeExpenses": 6449000000,
                    "otherExpenses": -247000000,
                    "operatingExpenses": 12755000000,
                    "costAndExpenses": 82457000000,
                    "interestIncome": 650000000,
                    "interestExpense": 694000000,
                    "depreciationAndAmortization": 2697000000,
                    "ebitda": 44185000000,
                    "ebitdaratio": 0.3564887652,
                    "operatingIncome": 41488000000,
                    "operatingIncomeRatio": 0.3347291137,
                    "totalOtherIncomeExpensesNet": -247000000,
                    "incomeBeforeTax": 41241000000,
                    "incomeBeforeTaxRatio": 0.3327362943,
                    "incomeTaxExpense": 6611000000,
                    "netIncome": 34630000000,
                    "netIncomeRatio": 0.2793981201,
                    "eps": 2.11,
                    "epsdiluted": 2.1,
                    "weightedAverageShsOut": 16391724000,
                    "weightedAverageShsOutDil": 16519291000,
                    "link": "https://www.sec.gov/Archives/edgar/data/320193/000032019322000007/0000320193-22-000007-index.htm",
                    "finalLink": "https://www.sec.gov/Archives/edgar/data/320193/000032019322000007/aapl-20211225.htm"
                },
                {
                    "date": "2021-09-25",
                    "symbol": "AAPL",
                    "reportedCurrency": "USD",
                    "cik": "0000320193",
                    "fillingDate": "2021-10-29",
                    "acceptedDate": "2021-10-28 18:04:28",
                    "calendarYear": "2021",
                    "period": "Q4",
                    "revenue": 83360000000,
                    "costOfRevenue": 48186000000,
                    "grossProfit": 35174000000,
                    "grossProfitRatio": 0.421952975,
                    "researchAndDevelopmentExpenses": 5772000000,
                    "generalAndAdministrativeExpenses": 0,
                    "sellingAndMarketingExpenses": 0,
                    "sellingGeneralAndAdministrativeExpenses": 5616000000,
                    "otherExpenses": -538000000,
                    "operatingExpenses": 11388000000,
                    "costAndExpenses": 59574000000,
                    "interestIncome": 659000000,
                    "interestExpense": 672000000,
                    "depreciationAndAmortization": 2989000000,
                    "ebitda": 26775000000,
                    "ebitdaratio": 0.3211972169,
                    "operatingIncome": 23786000000,
                    "operatingIncomeRatio": 0.285340691,
                    "totalOtherIncomeExpensesNet": -538000000,
                    "incomeBeforeTax": 23248000000,
                    "incomeBeforeTaxRatio": 0.2788867562,
                    "incomeTaxExpense": 2697000000,
                    "netIncome": 20551000000,
                    "netIncomeRatio": 0.2465331094,
                    "eps": 1.25,
                    "epsdiluted": 1.24,
                    "weightedAverageShsOut": 16487121000,
                    "weightedAverageShsOutDil": 16635097000,
                    "link": "https://www.sec.gov/Archives/edgar/data/320193/000032019321000105/0000320193-21-000105-index.htm",
                    "finalLink": "https://www.sec.gov/Archives/edgar/data/320193/000032019321000105/aapl-20210925.htm"
                },
                {
                    "date": "2021-06-26",
                    "symbol": "AAPL",
                    "reportedCurrency": "USD",
                    "cik": "0000320193",
                    "fillingDate": "2021-07-28",
                    "acceptedDate": "2021-07-27 18:03:42",
                    "calendarYear": "2021",
                    "period": "Q3",
                    "revenue": 81434000000,
                    "costOfRevenue": 46179000000,
                    "grossProfit": 35255000000,
                    "grossProfitRatio": 0.4329272785,
                    "researchAndDevelopmentExpenses": 5717000000,
                    "generalAndAdministrativeExpenses": 0,
                    "sellingAndMarketingExpenses": 0,
                    "sellingGeneralAndAdministrativeExpenses": 5412000000,
                    "otherExpenses": 243000000,
                    "operatingExpenses": 11129000000,
                    "costAndExpenses": 57308000000,
                    "interestIncome": 719000000,
                    "interestExpense": 665000000,
                    "depreciationAndAmortization": 2832000000,
                    "ebitda": 26958000000,
                    "ebitdaratio": 0.3310410885,
                    "operatingIncome": 24126000000,
                    "operatingIncomeRatio": 0.2962644596,
                    "totalOtherIncomeExpensesNet": 243000000,
                    "incomeBeforeTax": 24369000000,
                    "incomeBeforeTaxRatio": 0.2992484712,
                    "incomeTaxExpense": 2625000000,
                    "netIncome": 21744000000,
                    "netIncomeRatio": 0.267013778,
                    "eps": 1.31,
                    "epsdiluted": 1.3,
                    "weightedAverageShsOut": 16629371000,
                    "weightedAverageShsOutDil": 16781735000,
                    "link": "https://www.sec.gov/Archives/edgar/data/320193/000032019321000065/0000320193-21-000065-index.htm",
                    "finalLink": "https://www.sec.gov/Archives/edgar/data/320193/000032019321000065/aapl-20210626.htm"
                },
                {
                    "date": "2021-03-27",
                    "symbol": "AAPL",
                    "reportedCurrency": "USD",
                    "cik": "0000320193",
                    "fillingDate": "2021-04-29",
                    "acceptedDate": "2021-04-28 18:02:54",
                    "calendarYear": "2021",
                    "period": "Q2",
                    "revenue": 89584000000,
                    "costOfRevenue": 51505000000,
                    "grossProfit": 38079000000,
                    "grossProfitRatio": 0.4250647437,
                    "researchAndDevelopmentExpenses": 5262000000,
                    "generalAndAdministrativeExpenses": 0,
                    "sellingAndMarketingExpenses": 0,
                    "sellingGeneralAndAdministrativeExpenses": 5314000000,
                    "otherExpenses": 508000000,
                    "operatingExpenses": 10576000000,
                    "costAndExpenses": 62081000000,
                    "interestIncome": 718000000,
                    "interestExpense": 670000000,
                    "depreciationAndAmortization": 2797000000,
                    "ebitda": 30300000000,
                    "ebitdaratio": 0.3382300411,
                    "operatingIncome": 27503000000,
                    "operatingIncomeRatio": 0.3070079478,
                    "totalOtherIncomeExpensesNet": 508000000,
                    "incomeBeforeTax": 28011000000,
                    "incomeBeforeTaxRatio": 0.3126786033,
                    "incomeTaxExpense": 4381000000,
                    "netIncome": 23630000000,
                    "netIncomeRatio": 0.2637747812,
                    "eps": 1.41,
                    "epsdiluted": 1.4,
                    "weightedAverageShsOut": 16753476000,
                    "weightedAverageShsOutDil": 16929157000,
                    "link": "https://www.sec.gov/Archives/edgar/data/320193/000032019321000056/0000320193-21-000056-index.htm",
                    "finalLink": "https://www.sec.gov/Archives/edgar/data/320193/000032019321000056/aapl-20210327.htm"
                }
            ]
        },
        "prices": {
            "symbol": "AAPL",
            "historical": [
                {
                    "date": "2023-09-29",
                    "open": 172.02,
                    "high": 173.07,
                    "low": 170.341,
                    "close": 171.21,
                    "adjClose": 171.21,
                    "volume": 50322995,
                    "unadjustedVolume": 49152786,
                    "change": -0.81,
                    "changePercent": -0.47088,
                    "vwap": 171.61,
                    "label": "September 29, 23",
                    "changeOverTime": -0.0047088
                },
                {
                    "date": "2023-09-28",
                    "open": 169.34,
                    "high": 172.03,
                    "low": 167.62,
                    "close": 170.69,
                    "adjClose": 170.69,
                    "volume": 56294419,
                    "unadjustedVolume": 56294400,
                    "change": 1.35,
                    "changePercent": 0.79721,
                    "vwap": 170.3,
                    "label": "September 28, 23",
                    "changeOverTime": 0.0079721
                },
                {
                    "date": "2023-09-27",
                    "open": 172.62,
                    "high": 173.04,
                    "low": 169.05,
                    "close": 170.43,
                    "adjClose": 170.43,
                    "volume": 66920708,
                    "unadjustedVolume": 66921800,
                    "change": -2.19,
                    "changePercent": -1.27,
                    "vwap": 170.53,
                    "label": "September 27, 23",
                    "changeOverTime": -0.0127
                },
                {
                    "date": "2023-09-26",
                    "open": 174.82,
                    "high": 175.2,
                    "low": 171.66,
                    "close": 171.96,
                    "adjClose": 171.96,
                    "volume": 64548945,
                    "unadjustedVolume": 64588900,
                    "change": -2.86,
                    "changePercent": -1.64,
                    "vwap": 172.72,
                    "label": "September 26, 23",
                    "changeOverTime": -0.0164
                },
                {
                    "date": "2023-09-25",
                    "open": 174.2,
                    "high": 176.97,
                    "low": 174.15,
                    "close": 176.08,
                    "adjClose": 176.08,
                    "volume": 46172740,
                    "unadjustedVolume": 46172700,
                    "change": 1.88,
                    "changePercent": 1.08,
                    "vwap": 175.67,
                    "label": "September 25, 23",
                    "changeOverTime": 0.0108
                },
                {
                    "date": "2023-09-22",
                    "open": 174.67,
                    "high": 177.079,
                    "low": 174.05,
                    "close": 174.79,
                    "adjClose": 174.79,
                    "volume": 56688985,
                    "unadjustedVolume": 56663000,
                    "change": 0.12,
                    "changePercent": 0.06870098,
                    "vwap": 175.47,
                    "label": "September 22, 23",
                    "changeOverTime": 0.0006870098
                },
                {
                    "date": "2023-09-21",
                    "open": 174.55,
                    "high": 176.3,
                    "low": 173.86,
                    "close": 173.93,
                    "adjClose": 173.93,
                    "volume": 62449116,
                    "unadjustedVolume": 63047900,
                    "change": -0.62,
                    "changePercent": -0.3552,
                    "vwap": 174.86,
                    "label": "September 21, 23",
                    "changeOverTime": -0.003552
                },
                {
                    "date": "2023-09-20",
                    "open": 179.26,
                    "high": 179.695,
                    "low": 175.4,
                    "close": 175.49,
                    "adjClose": 175.49,
                    "volume": 58436181,
                    "unadjustedVolume": 58436200,
                    "change": -3.77,
                    "changePercent": -2.1,
                    "vwap": 176.97,
                    "label": "September 20, 23",
                    "changeOverTime": -0.021
                }
            ]
        }
    }
}